<?xml version="1.0" encoding="UTF-8"?><collection><record><leader>05248ntm a2200565 a 4500</leader><controlfield tag="001">006805336</controlfield><controlfield tag="003">MiAaHDL</controlfield><controlfield tag="005">20190719000000.0</controlfield><controlfield tag="006">m        d        </controlfield><controlfield tag="007">cr bn ---auaua</controlfield><controlfield tag="008">090601s16uu    xx            00| ||per d</controlfield><datafield tag="035" ind1=" " ind2=" "><subfield code="a">(MiU)006805336</subfield></datafield><datafield tag="035" ind1=" " ind2=" "><subfield code="a">sdr-miu006805336</subfield></datafield><datafield tag="040" ind1=" " ind2=" "><subfield code="a">MiU</subfield><subfield code="c">MiU</subfield><subfield code="e">amremm</subfield></datafield><datafield tag="043" ind1=" " ind2=" "><subfield code="a">n-us-mi</subfield></datafield><datafield tag="245" ind1="0" ind2="0"><subfield code="6">880-03</subfield><subfield code="a">Ghazalīyāt-i Mawlānā Jāmī,</subfield><subfield code="f">[17th century?].</subfield></datafield><datafield tag="246" ind1="3" ind2=" "><subfield code="a">غزليات مولانا جامى</subfield></datafield><datafield tag="246" ind1="3" ind2=" "><subfield code="i">Title on flap of slipcase:</subfield><subfield code="a">هذه غزلیات مولانا جامی</subfield></datafield><datafield tag="246" ind1="3" ind2=" "><subfield code="a">مرقع حسن الخط</subfield></datafield><datafield tag="246" ind1="3" ind2=" "><subfield code="a">نمونه خوشنويسي</subfield></datafield><datafield tag="260" ind1=" " ind2=" "><subfield code="c">[16--?].</subfield></datafield><datafield tag="300" ind1=" " ind2=" "><subfield code="a">14 leaves :</subfield><subfield code="b">paper ;</subfield><subfield code="c">218 x 105 (110 x 30) mm.</subfield></datafield><datafield tag="500" ind1=" " ind2=" "><subfield code="a">Shelfmark: Ann Arbor, University of Michigan, Special Collections Library, Isl. Ms. 277</subfield></datafield><datafield tag="500" ind1=" " ind2=" "><subfield code="a">Origin: Lacks dated colophon ; decoration, etc. would suggest 17th century.</subfield></datafield><datafield tag="500" ind1=" " ind2=" "><subfield code="a">Former shelfmark: "108 T. D. M. [i.e. Tammaro De Marinis] on reverse of opening mounted leaf.</subfield></datafield><datafield tag="500" ind1=" " ind2=" "><subfield code="a">Binding: Heavy pasteboards covered in dark blue leather ; accordion / concertina format ; board linings in green coated paper embossed with scroll / interlace pattern ; upper and lower covers carry blind-stamped mandorla (filled with symmetrical vegetal composition, compare Déroche NSd 7) with tooled and gold-painted border ; sturdy leaves hinged together with green silk ; overall in fair condition with minor abrasion (vegetal design in mandorla only partially visible), staining, lifting and losses of leather, etc. ; housed in sturdy slipcase covered in same dark blue leather with tooled and gold-painted borders and rosette accents, lined with yellow paper ; likely not original binding.</subfield></datafield><datafield tag="500" ind1=" " ind2=" "><subfield code="a">Support: Written area in non-European (likely Persian) laid paper, well-burnished ; borders gold-flecked and tinted golden yellow with a slight pink hue ; written area of two leaves mounted on European laid paper.</subfield></datafield><datafield tag="500" ind1=" " ind2=" "><subfield code="a">Decoration: Illuminated headpiece (ʻunwān / sarlawḥ) at opening consisting of rectangular piece with empty gold cartouche flanked by red pendants and set off by swirling floral vegetal decoration in gold, white, red, etc. on a bright blue (reminiscent of lapis) ground, surmounted by a scalloped dome / triangular piece or hasp set in rectangular piece all filled with similar floral vegetal decoration on fields of gold and blue with turquoise, black and light blue accents, entire piece surmounted by vertical stalks (tīgh) and bordered in bands of gold and blue ; written area gold-flecked and surrounded by rich border consisting of gold, white, blue, and turquoise bands flanking a heavy band of light blue with vegetal decoration in gold ; floral vegetal motifs set off opposite corners of written area ; margins heavily gold-flecked ; elegant illuminated tailpiece at close consisting of upper and lower rectangular pieces with empty gold cartouches (one rosette or mandorla-shaped, the other a scalloped lozenge) surrounded by floral vegetal designs in gold, white, blue and red on fields of blue with turquoise and gold accents surrounded by bands of gold, red, blue and heavy black and gold interlace.</subfield></datafield><datafield tag="500" ind1=" " ind2=" "><subfield code="a">Script: Nastaʻlīq ; compact, elegant hand in a medium line (fine specimen of calligraphy) ; serifless with characteristic descent of words to baseline and superscripting of final words and letters as well as elongation of horizontal strokes.</subfield></datafield><datafield tag="500" ind1=" " ind2=" "><subfield code="a">Layout: Written mainly in 8 lines per page on the diagonal, a hemistich per line ; frame-ruled.</subfield></datafield><datafield tag="500" ind1=" " ind2=" "><subfield code="a">Collation: Fourteen leaves or 'panels' hinged together with green silk in accordion format ; catchwords present ; pagination in pencil, Western numerals, supplied during cataloguing.</subfield></datafield><datafield tag="500" ind1=" " ind2=" "><subfield code="a">Explicit: "هر طرف كان سوخ راند جامي بيصبر و دل از پيش افغان كنان چون دادخواهي بگذرد"</subfield></datafield><datafield tag="500" ind1=" " ind2=" "><subfield code="a">Incipit: "از خارخار عشق تو در سینه دارم خارها هر دم شکفته بر رخم زان خارها گلزارها ..."</subfield></datafield><datafield tag="500" ind1=" " ind2=" "><subfield code="a">Title from flap of slipcase.</subfield></datafield><datafield tag="500" ind1=" " ind2=" "><subfield code="a">Ms. codex.</subfield></datafield><datafield tag="520" ind1="8" ind2=" "><subfield code="a">Superb calligraphic specimen in accordion format employing ghazals of Jāmī (d.1492). Contributions to the cataloguing from Ali Rafi and Abdullah Ghouchani.</subfield></datafield><datafield tag="538" ind1=" " ind2=" "><subfield code="a">Mode of access: Internet.</subfield></datafield><datafield tag="541" ind1=" " ind2=" "><subfield code="c">Purchase ;</subfield><subfield code="a">Acquired by purchase (funds donated by Horace Rackham).</subfield><subfield code="d">1924.</subfield></datafield><datafield tag="546" ind1=" " ind2=" "><subfield code="a">Persian.</subfield></datafield><datafield tag="561" ind1=" " ind2=" "><subfield code="a">Fairly clean copy.</subfield></datafield><datafield tag="650" ind1=" " ind2="0"><subfield code="a">Manuscripts, Persian</subfield><subfield code="z">Michigan</subfield><subfield code="z">Ann Arbor.</subfield></datafield><datafield tag="650" ind1=" " ind2="0"><subfield code="a">Islamic calligraphy</subfield><subfield code="v">Specimens.</subfield></datafield><datafield tag="650" ind1=" " ind2="0"><subfield code="a">Calligraphy, Persian</subfield><subfield code="v">Specimens.</subfield></datafield><datafield tag="650" ind1=" " ind2="0"><subfield code="a">Persian poetry</subfield><subfield code="y">747-1500.</subfield></datafield><datafield tag="655" ind1=" " ind2="7"><subfield code="a">Headpieces (layout features)</subfield><subfield code="y">17th century.</subfield><subfield code="2">aat</subfield></datafield><datafield tag="700" ind1="0" ind2=" "><subfield code="a">Abdülhamid</subfield><subfield code="b">II,</subfield><subfield code="c">Sultan of the Turks,</subfield><subfield code="d">1842-1918,</subfield><subfield code="e">former owner.</subfield></datafield><datafield tag="700" ind1="0" ind2="2"><subfield code="6">880-04</subfield><subfield code="a">Jāmī,</subfield><subfield code="d">1414-1492.</subfield><subfield code="t">Poems.</subfield><subfield code="k">Selections.</subfield></datafield><datafield tag="773" ind1="0" ind2=" "><subfield code="a">Abdul Hamid Collection.</subfield></datafield><datafield tag="880" ind1="0" ind2="2"><subfield code="6">700-04/</subfield><subfield code="a">جامي.</subfield><subfield code="t">اشعار.</subfield><subfield code="k">منتخبات.</subfield></datafield><datafield tag="880" ind1="0" ind2="0"><subfield code="6">245-03/</subfield><subfield code="a">غزلیات مولانا جامی,</subfield><subfield code="f">[قرن 17م؟].</subfield></datafield><datafield tag="CID" ind1=" " ind2=" "><subfield code="a">006805336</subfield></datafield><datafield tag="DAT" ind1="0" ind2=" "><subfield code="a">20190719102637.0</subfield><subfield code="b">20190719000000.0</subfield></datafield><datafield tag="DAT" ind1="1" ind2=" "><subfield code="a">20190719090653.0</subfield><subfield code="b">2019-07-19T16:11:41Z</subfield></datafield><datafield tag="DAT" ind1="2" ind2=" "><subfield code="a">2015-10-02T18:00:03Z</subfield></datafield><datafield tag="CAT" ind1=" " ind2=" "><subfield code="a">SDR-MIU</subfield><subfield code="d">EX LIBRIS - ALEPH</subfield><subfield code="l">prepare.pl-004-008</subfield></datafield><datafield tag="FMT" ind1=" " ind2=" "><subfield code="a">BK</subfield></datafield><datafield tag="HOL" ind1=" " ind2=" "><subfield code="0">sdr-miu006805336</subfield><subfield code="a">MiU</subfield><subfield code="b">SDR</subfield><subfield code="c">MIU</subfield><subfield code="p">mdp.39015079127380</subfield><subfield code="s">MIU</subfield><subfield code="1">006805336</subfield></datafield><datafield tag="974" ind1=" " ind2=" "><subfield code="b">MIU</subfield><subfield code="c">MIU</subfield><subfield code="d">20190719</subfield><subfield code="s">lit-dlps-dc</subfield><subfield code="u">mdp.39015079127380</subfield><subfield code="y">1699</subfield><subfield code="r">pd</subfield><subfield code="q">bib</subfield><subfield code="t">non-US bib date1 &lt; 1879</subfield></datafield></record></collection>